@misc{ enwiki:Alphabeta,
author = "{Wikipedia contributors}",
title = "Alphaâ€“beta pruning --- {Wikipedia}{,} The Free Encyclopedia",
year = "2022",
howpublished = "\url{https://en.wikipedia.org/w/index.php?title=Alpha%E2%80%93beta_pruning&oldid=1115399006}",
note = "[Online; accessed 23-November-2022]"
}

@misc{ enwiki:value,
author = "{Wikipedia contributors}",
title = "Chess piece relative value --- {Wikipedia}{,} The Free Encyclopedia",
year = "2022",
howpublished = "\url{https://en.wikipedia.org/w/index.php?title=Chess_piece_relative_value&oldid=1122712884}",
note = "[Online; accessed 23-November-2022]"
}
